@article{lbm,
    title = {Lattice Boltzmann Method for Fluid Simulations},
    author = {Bill Bao, Y and Meskas, J},
    journal = {Courant Institute of Mathematical Sciences, New York University},
    year = {2011}
}

@article{lbm_detail,
    title = {Theory of the lattice Boltzmann method: From the Boltzmann equation to the lattice Boltzmann equation},
    author = {He, Xiaoyi and Luo, Li-Shi},
    journal = {Physical Review E},
    volume = {56},
    number = {6},
    pages = {6811},
    year = {1997},
    publisher = {APS}
}

@article{d3q19,
    title = {Implementation of on-site velocity boundary conditions for D3Q19 lattice Boltzmann simulations},
    author = {Hecht, Martin and Harting, Jens},
    journal = {Journal of Statistical Mechanics: Theory and Experiment},
    volume = {2010},
    number = {01},
    pages = {P01018},
    year = {2010},
    publisher = {IOP Publishing}
}

@article{gns,
    title = {Lattice Boltzmann model for incompressible flows through porous media},
    author = {Guo, Zhaoli and Zhao, TS},
    journal = {Physical review E},
    volume = {66},
    number = {3},
    pages = {036304},
    year = {2002},
    publisher = {APS}
}

@article{mem,
    title = {A comparative study of fluid-particle coupling methods for fully resolved lattice Boltzmann simulations},
    author = {Rettinger, Christoph and Rüde, Ulrich},
    journal = {Computers \& Fluids},
    volume = {154},
    pages = {74--89},
    year = {2017},
    publisher = {Elsevier}
}

@article{dpm,
    title = {A coupled lattice Boltzmann method and discrete element method for discrete particle simulations of particulate flows},
    author = {Rettinger, Christoph and Rüde, Ulrich},
    journal = {Computers \& Fluids},
    volume = {172},
    pages = {706--719},
    year = {2018},
    publisher = {Elsevier}
}

@article{semi,
    title = {A semi-resolved CFD--DEM approach for particulate flows with kernel based approximation and Hilbert curve based searching strategy},
    author = {Wang, Zekun and Teng, Yujun and Liu, Moubin},
    journal = {Journal of Computational Physics},
    volume = {384},
    pages = {151--169},
    year = {2019},
    publisher = {Elsevier}
}

@article{experiment,
    title = {Particle imaging velocimetry experiments and lattice-Boltzmann simulations on a single sphere settling under gravity},
    author = {Ten Cate, A and Nieuwstad, CH and Derksen, JJ and Van den Akker, HEA},
    journal = {Physics of Fluids},
    volume = {14},
    number = {11},
    pages = {4012--4025},
    year = {2002},
    publisher = {AIP}
}

@article{ladd1,
    title = {Numerical simulations of particulate suspensions via a discretized Boltzmann equation. Part 1. Theoretical foundation},
    author = {Ladd, Anthony JC},
    journal = {Journal of fluid mechanics},
    volume = {271},
    pages = {285--309},
    year = {1994},
    publisher = {Cambridge University Press}
}

@article{ladd2,
    title = {Numerical simulations of particulate suspensions via a discretized Boltzmann equation. Part 2. Numerical results},
    author = {Ladd, Anthony JC},
    journal = {Journal of fluid mechanics},
    volume = {271},
    pages = {311--339},
    year = {1994},
    publisher = {Cambridge University Press}
}

@article{aidun,
    title = {Direct analysis of particulate suspensions with inertia using the discrete Boltzmann equation},
    author = {Aidun, Cyrus K and Lu, Yannan and Ding, E-Jiang},
    journal = {Journal of Fluid Mechanics},
    volume = {373},
    pages = {287--311},
    year = {1998},
    publisher = {Cambridge University Press}
}

@misc{lbm_bc,
    author = {Goncalo Silva},
    title = {Boundary Conditions in lattice Boltzmann method},
    howpublished = "\url{http://lbmworkshop.com/wp-content/uploads/2011/08/Straight_boundaries.pdf}",
    year = {2011},
    note = "[Online; accessed 12-December-2019]"
}

@misc{walberla,
    author = {FAU, Lehrstuhl für Informatik 10 (Systemsimulation)},
    title = {waLBerla Framework},
    howpublished = "\url{https://walberla.net/}",
}

@article{mem_pdf_reconstruction,
    title = {Implementation issues and benchmarking of lattice Boltzmann method for moving rigid particle simulations in a viscous flow},
    author = {Peng, Cheng and Teng, Yihua and Hwang, Brian and Guo, Zhaoli and Wang, Lian-Ping},
    journal = {Computers \& Mathematics with Applications},
    volume = {72},
    number = {2},
    pages = {349--374},
    year = {2016},
    publisher = {Elsevier}
}

@article{non-equilibrium,
    title = {Non-equilibrium extrapolation method for velocity and pressure boundary conditions in the lattice Boltzmann method},
    author = {Zhao-Li, Guo and Chu-Guang, Zheng and Bao-Chang, Shi},
    journal = {Chinese Physics},
    volume = {11},
    number = {4},
    pages = {366},
    year = {2002},
    publisher = {IOP Publishing}
}

@article{incompressible_bgk,
    title = {Lattice BGK model for incompressible Navier--Stokes equation},
    author = {Guo, Zhaoli and Shi, Baochang and Wang, Nengchao},
    journal = {Journal of Computational Physics},
    volume = {165},
    number = {1},
    pages = {288--306},
    year = {2000},
    publisher = {Elsevier}
}

@article{incompressible_ns,
    title = {Lattice Boltzmann model for the incompressible Navier--Stokes equation},
    author = {He, Xiaoyi and Luo, Li-Shi},
    journal = {Journal of statistical Physics},
    volume = {88},
    number = {3-4},
    pages = {927--944},
    year = {1997},
    publisher = {Springer}
}

@article{lattice_differential_operators,
    title = {Lattice differential operators for computational physics},
    author = {Ramadugu, Rashmi and Thampi, Sumesh P and Adhikari, Ronojoy and Succi, Sauro and Ansumali, Santosh},
    journal = {EPL (Europhysics Letters)},
    volume = {101},
    number = {5},
    pages = {50006},
    year = {2013},
    publisher = {IOP Publishing}
}

@article{intrinsic_viscosity_eilers,
    title = {Shear viscosity of settling suspensions},
    author = {Ferrini, F and Ercolani, D and De Cindio, B and Nicodemo, L and Nicolais, L and Ranaudo, S},
    journal = {Rheologica Acta},
    volume = {18},
    number = {2},
    pages = {289--296},
    year = {1979},
    publisher = {Springer}
}

@article{sand_dynamics,
    title = {Particle based modelling and simulation of natural sand dynamics in the wave bottom boundary layer},
    author = {Finn, Justin R and Li, Ming and Apte, Sourabh V},
    journal = {Journal of Fluid Mechanics},
    volume = {796},
    pages = {340--385},
    year = {2016},
    publisher = {Cambridge University Press}
}