@book{voxel,
  author    = {John Amanatides, Andrew Woo},
  title     = {{A Fast Voxel Traversal Algorithm for Ray Tracing}},
	url 			= {https://citeseerx.ist.psu.edu/viewdoc/download?doi=10.1.1.42.3443&rep=rep1&type=pdf}
}

@book{globillum,
  author    = {Marc Stamminger},
  title     = {{Global Illumination SS21}},
  year      = {2021},
	url 			= {https://www.studon.fau.de/crs3792557.html}
}
